@article{adrian,
title		= {{C}o{V}a{R}},
author	= {T. Adrian and M. K. Brunnermeier},
journal	= {American Economic Review},
volume	= {106(7)},
issue		= {7},
pages	= {1705--1741},
year		= {2016},
}

@article{girardi,
title		= {Systemic risk measurement: {M}ultivariate {GARCH} estimation of {C}o{V}a{R}},
author	= {G. Girardi and A. Tolga Erg{\"u}n},
journal	= {Journal of Banking \& Finance},
volume	= {37},
pages	= {3169--3180},
year		= {2013},
}

@article{barndorff,
title		= {Multivariate realised kernels: Consistent positive semi-definite estimators of the covariation of equity prices with noise and non-synchronous trading},
author	= {O. E. Barndorff-Nielsen and P. R. Hansen and A. Lunde and N. Shephard},
journal	= {Journal of Econometrics},
volume	= {162},
pages	= {149--169},
year		= {2011},
}

@article{engle,
title		= {{CAViaR: Conditional Autoregressive Value at Risk by Regression Quantiles}},
author	= {R.F. Engle and S. Manganelli},
journal	= {Journal of Business \& Economic Statistics},
volume	= {22},
pages	= {367--381},
year		= {2004},
}

@article{gloston,
title		= {On the relation between the expected value and the volatility of the nominal excess return on stocks},
author	= {L.G. Gloston and R. Jagannathan and D.E. Runkle},
journal	= {The Journal of Finance},
volume	= {48},
pages	= {1779--1801},
year		= {1993},
}

@article{hansen,
title		= {Autoregressive Conditional Density Estimation},
author	= {B. Hansen},
journal	= {International Economic Review},
volume	= {35},
pages	= {705--730},
year		= {1994},
}


@article{epps,
title		= {Comovements in Stock Prices in the Very Short Run},
author	= {T. W. Epps},
journal	= {Journal of the American Statistical Association},
volume	= {74(366)},
issue		= {366},
pages	= {291--298},
year		= {1979},
}

@article{koenker,
title		= {Regression Quantiles},
author	= {R. W. Koenker and G. Bassett},
journal	= {Econometrica},
volume	= {46(1)},
issue		= {1},
pages	= {33--50},
year		= {1978},
}

@article{noureldin,
title		= {Multivariate {H}igh-{F}requency-{B}ased {V}olatility ({HEAVY}) Models},
author	= {D. Noureldin and N. Shephard and K. Shephard},
journal	= {Journal of Applied Econometrics},
volume	= {27},
pages	= {907--933},
year		= {2012},
}


@article{sharpe,
title		= {A Theory of Market Equilibrium under Conditions of Risk},
author	= {W. F. Sharpe},
journal	= {The Journal of Finance},
volume	= {19(3)},
issue		= {3},
pages	= {425--442},
year		= {1964},
}

@article{brandshep,
title		= {Econometric analysis of realised volatility and its use in estimating stochastic volatility models},
author	= {O. E. Barndorff-Nielsen and N. Shephard},
journal	= {Economics Group, Nuffield College, University of Oxford},
volume	= {2001-W4},
year		= {2001},
}


@article{shepp,
title		= {Realized Covariance and Scrambling},
author	= {K. Sheppard},
journal	= {University of Oxford},
volume	= {2001-W4},
year		= {2006},
}


@article{list,
title		= {Top {US} banks by market capitalization},
author	= {Relbanks},
journal	= {{http://www.relbanks.com/top-us-banks/market-cap}},
year		= {2017},
}

@article{indexlist,
title		= {Dow {Jones U.S.General Financial Index (DJUSFN)}},
author	= {Wikinvest},
journal	= {{http://www.wikinvest.com/index/Dow\_Jones\_U.S.General\_Financial\_Index\_(DJUSFN)}},
year		= {2008},
}

@article{baselii,
title		= {Revisions to the {B}asel {II} market risk framework},
author	= {{Basel Comittee on Banking Supervision}},
journal	= {Bank for {I}nternational {S}ettlements},
year		= {2009b},
}



@article{multit,
title		= {Multivariate t Distributions and their applications},
author	= {S. Kotz and S. Nadarajah},
journal	= {Cambridge University Press},
year		= {2004},
}


@article{bradley,
title		= {Financial Risk and Heavy Tails},
author	= {B. O. Bradley and M. S. Taqqu},
journal	= {Boston University},
year		= {2001},
}


@article{lewis,
title		= {Estimating Regression Models in Which the Dependent Variable Is Based on Estimates},
author	= {J. B. Lewis and D. A. Linzer},
journal	= {Political Analysis (Oxford University Press)},
volume	= {13(4)},
issue		= {4},
pages	= {345--364},
year		= {2005},
}

@article{newey,
title		= {A Simple, Positive Semi-Definite, Heteroskedasticity and Autocorrelation ConsistentCovariance Matrix},
author	= {W. K. Newey and K. D. West},
journal	= {Econometrica},
volume	= {55(3)},
issue		= {3},
pages	= {703--708},
year		= {1987},
}


@article{billio,
title		= {Econometric Measures of Connectedness and Systemic Risk in the Finance and Insurance Sectors},
author	= {M. Billio and M. Getmansky and A. W. Lo and L. Pelizzon},
journal	= {Journal of Financial Economics},
volume	= {104(3)},
issue		= {3},
pages	= {535--559},
year		= {2012},
}

@article{huang,
title		= {Systemic Risk Contributions},
author	= {X. Huang and H. Zhou and H. Zhu},
journal	= {Journal of Financial Services Research},
volume	= {42(1-2)},
issue		= {1-2},
pages	= {55--83},
year		= {2012},
}

@article{acharya1,
title		= {Measuring Systemic Risk},
author	= {V. V. Acharya and L. H. Pedersen and T. Philippon and M. Richardson},
journal	= {{people.stern.nyu.edu/lpederse/papers/MeasuringSystemicRisk.pdf}},
year		= {2010},
}

@article{bayesian,
title		= {{Bayesian Inference for CoVaR}},
author	= {M. Bernardi and G. Gayraud and L. Petrella},
journal	= {{http://arxiv.org/abs/1306.2834}},
year		= {2013},
}

@article{acharya2,
title		= {Capital Shortfall: A New Approach to Ranking and Regulating Systemic Risks},
author	= {V. V. Acharya and R. Engle and M. Richardson},
journal	= {American Economic Review},
volume	= {102(3)},
issue		= {3},
pages	= {59--64},
year		= {2012},
}

@article{heavy1,
title		= {Realising the future: forecasting with high-frequency-based volatility {(HEAVY)} models},
author	= {N. Shephard and K.K. Sheppard},
journal	= {Journal of Applied Econometrics},
volume	= {25},
pages	= {197--231},
year		= {2010},
}

@article{egarch1,
title		= {Conditional Heteroskedasticity in Asset Returns: A New Approach},
author	= {D. B. Nelson},
journal	= {Econometrica},
volume	= {59(2)},
issue		= {2},
pages	= {347--370},
year		= {1991},
}

@article{RiskMetrics,
title		= {Risk{M}etrics - Technical Document},
author	= {{JPM}organ},
journal	= {{}},
year		= {1996},
}

@article{fhs1,
title		= {Coherent risk measures under filtered historical simulation},
author	= {K. Giannopoulos and R. Tunaru},
journal	= {Journal of Banking \& Finance},
volume	= {29},
pages	= {979--996},
year		= {2005},
}

@article{nonlineartest,
title		= {Backtesting {V}alue at {R}isk: From dynamic quantile to dynamic binary tests},
author	= {E.I. Dumitrescu and C. Hurlin and V. Pham},
journal	= {Presses universitaires de Grenoble},
volume	= {33(1)},
issue		= {1},
pages	= {79--112},
year		= {2012},
}

@article{christoffersen,
title		= {Evaluating interval forecasts},
author	= {P. F. Christoffersen},
journal	= {International Economic Review},
volume	= {39(4)},
issue		= {4},
pages	= {841--862},
year		= {1998},
}

@article{copulas,
title		= {On dependence consistency of {C}o{V}a{R} and some other systemic risk measures},
author	= {G. Mainik and E. Schaanning},
journal	= {Working paper, ETH ZuÌˆrich.},
year		= {2012},
}

@article{mesbacktest,
title		= {Backtesting Marginal Expected Shortfall and Related Systemic Risk Measures},
author	= {D. Banulescu and C. Hurlin and J. Leymarie and O. Scaillet},
year		= {2016},
}
@article{diebold:98,
 author = {Francis X. Diebold and Todd A. Gunther and Anthony S. Tay},
 journal = {International Economic Review},
 pages = {863--883},
 title = {Evaluating Density Forecasts with Applications to Financial Risk Management},
 volume = {39},
 year = {1998}
}
@article{berkowitz:01,
 author = {Jeremy Berkowitz},
 journal = {Journal of Business \& Economic Statistics},
 pages = {465--474},
 title = {Testing Density Forecasts, with Applications to Risk Management},
 volume = {19},
 year = {2001}
}
@ARTICLE{campbell06,
  author =       {Campbell, Sean D.},
  title =        {A Review of Backtesting and Backtesting Procedures},
  journal =      {Journal of Risk},
  year =         {2006},
  volume =       {9},
  pages =        {1--17},
}
@article{rosenblatt:52,
 author = {Murray Rosenblatt},
 journal = {The Annals of Mathematical Statistics},
 pages = {470--472},
 title = {Remarks on a Multivariate Transformation},
 volume = {23},
 year = {1952}
}
@article{eo:10,
 author = {J. Carlos Escanciano and Jose Olmo},
 journal = {Journal of Business \& Economic Statistics},
 pages = {36--51},
 title = {Backtesting Parametric Value-at-Risk With Estimation Risk},
 volume = {28},
 year = {2010}
}
@article{bai:03,
 author = {Jushan Bai},
 journal = {The Review of Economics and Statistics},
 pages = {531--549},
 title = {Testing Parametric Conditional Distributions of Dynamic Models},
 volume = {85},
 year = {2003}
}
@ARTICLE{kh:81,
  author =       {Khmaladze, E.V.},
  title =        {A Martingale Approach in the Theory of Goodness-of-Fit Tests},
  journal =      {Theory of Probability and its Applications},
  year =         {1981},
  volume =       {26},
  pages =        {240--257},
}
